<?xml version="1.0" encoding="UTF-8"?>
  <record xmlns="http://www.loc.gov/MARC21/slim" type="Authority">
    <leader>00000nz  a2200000nc 4500</leader>
    <controlfield tag="001">118642960</controlfield>
    <controlfield tag="003">DE-101</controlfield>
    <controlfield tag="005">20211119093800.0</controlfield>
    <controlfield tag="008">880701n||azznnaabn           | aaa    |c</controlfield>
    <datafield tag="024" ind1="7" ind2=" ">
      <subfield code="a">118642960</subfield>
      <subfield code="0">http://d-nb.info/gnd/118642960</subfield>
      <subfield code="2">gnd</subfield>
    </datafield>
    <datafield tag="035" ind1=" " ind2=" ">
      <subfield code="a">(DE-101)118642960</subfield>
    </datafield>
    <datafield tag="035" ind1=" " ind2=" ">
      <subfield code="a">(DE-588)118642960</subfield>
    </datafield>
    <datafield tag="035" ind1=" " ind2=" ">
      <subfield code="z">(DE-588)186602111</subfield>
    </datafield>
    <datafield tag="035" ind1=" " ind2=" ">
      <subfield code="z">(DE-588a)186602111</subfield>
      <subfield code="9">v:zg</subfield>
    </datafield>
    <datafield tag="035" ind1=" " ind2=" ">
      <subfield code="z">(DE-588a)118642960</subfield>
      <subfield code="9">v:zg</subfield>
    </datafield>
    <datafield tag="035" ind1=" " ind2=" ">
      <subfield code="z">(DE-588c)4078420-4</subfield>
      <subfield code="9">v:zg</subfield>
    </datafield>
    <datafield tag="040" ind1=" " ind2=" ">
      <subfield code="a">DE-101</subfield>
      <subfield code="c">DE-101</subfield>
      <subfield code="9">r:DE-101</subfield>
      <subfield code="b">ger</subfield>
      <subfield code="d">1170</subfield>
    </datafield>
    <datafield tag="042" ind1=" " ind2=" ">
      <subfield code="a">gnd1</subfield>
    </datafield>
    <datafield tag="043" ind1=" " ind2=" ">
      <subfield code="c">XA-DE</subfield>
    </datafield>
    <datafield tag="065" ind1=" " ind2=" ">
      <subfield code="a">6.1p</subfield>
      <subfield code="2">sswd</subfield>
    </datafield>
    <datafield tag="065" ind1=" " ind2=" ">
      <subfield code="a">16.1p</subfield>
      <subfield code="2">sswd</subfield>
    </datafield>
    <datafield tag="075" ind1=" " ind2=" ">
      <subfield code="b">p</subfield>
      <subfield code="2">gndgen</subfield>
    </datafield>
    <datafield tag="075" ind1=" " ind2=" ">
      <subfield code="b">piz</subfield>
      <subfield code="2">gndspec</subfield>
    </datafield>
    <datafield tag="079" ind1=" " ind2=" ">
      <subfield code="a">g</subfield>
      <subfield code="q">a</subfield>
      <subfield code="q">f</subfield>
      <subfield code="q">h</subfield>
      <subfield code="q">s</subfield>
      <subfield code="q">z</subfield>
      <subfield code="u">v</subfield>
      <subfield code="u">w</subfield>
      <subfield code="u">k</subfield>
      <subfield code="u">o</subfield>
    </datafield>
    <datafield tag="100" ind1="1" ind2=" ">
      <subfield code="a">Trithemius, Johannes</subfield>
      <subfield code="d">1462-1516</subfield>
    </datafield>
    <datafield tag="375" ind1=" " ind2=" ">
      <subfield code="a">1</subfield>
      <subfield code="2">iso5218</subfield>
    </datafield>
    <datafield tag="400" ind1="0" ind2=" ">
      <subfield code="a">Johann</subfield>
      <subfield code="c">von Tritheim</subfield>
      <subfield code="d">1462-1516</subfield>
    </datafield>
    <datafield tag="400" ind1="1" ind2=" ">
      <subfield code="a">Heidenberg, Johann</subfield>
      <subfield code="d">1462-1516</subfield>
    </datafield>
    <datafield tag="400" ind1="0" ind2=" ">
      <subfield code="a">Jean</subfield>
      <subfield code="c">Tritheim</subfield>
      <subfield code="d">1462-1516</subfield>
    </datafield>
    <datafield tag="400" ind1="0" ind2=" ">
      <subfield code="a">Johannes</subfield>
      <subfield code="c">von Spanheim</subfield>
      <subfield code="d">1462-1516</subfield>
    </datafield>
    <datafield tag="400" ind1="0" ind2=" ">
      <subfield code="a">Johannes</subfield>
      <subfield code="c">Tritheim</subfield>
      <subfield code="d">1462-1516</subfield>
    </datafield>
    <datafield tag="400" ind1="0" ind2=" ">
      <subfield code="a">Johannes</subfield>
      <subfield code="c">Trithemius</subfield>
      <subfield code="d">1462-1516</subfield>
    </datafield>
    <datafield tag="400" ind1="1" ind2=" ">
      <subfield code="a">Trittenhem, Joannes</subfield>
      <subfield code="d">1462-1516</subfield>
    </datafield>
    <datafield tag="400" ind1="1" ind2=" ">
      <subfield code="a">Trittenheim, Johannes</subfield>
      <subfield code="d">1462-1516</subfield>
    </datafield>
    <datafield tag="400" ind1="1" ind2=" ">
      <subfield code="a">Trittenhem, Johannes</subfield>
      <subfield code="d">1462-1516</subfield>
    </datafield>
    <datafield tag="400" ind1="1" ind2=" ">
      <subfield code="a">Trithemius, Ioannes</subfield>
      <subfield code="d">1462-1516</subfield>
    </datafield>
    <datafield tag="400" ind1="0" ind2=" ">
      <subfield code="a">Ioannes</subfield>
      <subfield code="c">Trithemius</subfield>
      <subfield code="d">1462-1516</subfield>
    </datafield>
    <datafield tag="400" ind1="0" ind2=" ">
      <subfield code="a">Johannes</subfield>
      <subfield code="c">von Heidenberg</subfield>
      <subfield code="d">1462-1516</subfield>
    </datafield>
    <datafield tag="400" ind1="1" ind2=" ">
      <subfield code="a">Trittenhem, Johannes &#152;de&#156;</subfield>
      <subfield code="d">1462-1516</subfield>
    </datafield>
    <datafield tag="400" ind1="1" ind2=" ">
      <subfield code="a">Trithemius, Joannes</subfield>
      <subfield code="d">1462-1516</subfield>
    </datafield>
    <datafield tag="400" ind1="1" ind2=" ">
      <subfield code="a">Tritheim, Johann &#152;von&#156;</subfield>
      <subfield code="d">1462-1516</subfield>
    </datafield>
    <datafield tag="400" ind1="0" ind2=" ">
      <subfield code="a">Johannes</subfield>
      <subfield code="c">von Sponheim</subfield>
      <subfield code="d">1462-1516</subfield>
    </datafield>
    <datafield tag="400" ind1="1" ind2=" ">
      <subfield code="a">Trithemius, Johan</subfield>
      <subfield code="d">1462-1516</subfield>
    </datafield>
    <datafield tag="400" ind1="1" ind2=" ">
      <subfield code="a">Trittenheym, Johans &#152;von&#156;</subfield>
      <subfield code="d">1462-1516</subfield>
    </datafield>
    <datafield tag="400" ind1="1" ind2=" ">
      <subfield code="a">Tritemio, Giovanni</subfield>
      <subfield code="d">1462-1516</subfield>
    </datafield>
    <datafield tag="400" ind1="1" ind2=" ">
      <subfield code="a">Tritthemius, Joannes</subfield>
      <subfield code="d">1462-1516</subfield>
    </datafield>
    <datafield tag="400" ind1="1" ind2=" ">
      <subfield code="a">Trittemius, Johannes</subfield>
      <subfield code="d">1462-1516</subfield>
    </datafield>
    <datafield tag="400" ind1="1" ind2=" ">
      <subfield code="a">Tritemius, Johannes</subfield>
      <subfield code="d">1462-1516</subfield>
    </datafield>
    <datafield tag="400" ind1="1" ind2=" ">
      <subfield code="a">Tritthemius, Johannes</subfield>
      <subfield code="d">1462-1516</subfield>
    </datafield>
    <datafield tag="400" ind1="1" ind2=" ">
      <subfield code="a">Johannes, Abt von Sponheim</subfield>
      <subfield code="d">1462-1516</subfield>
    </datafield>
    <datafield tag="400" ind1="1" ind2=" ">
      <subfield code="a">Treittenheim, Johannes &#152;von&#156;</subfield>
      <subfield code="d">1462-1516</subfield>
    </datafield>
    <datafield tag="400" ind1="1" ind2=" ">
      <subfield code="a">Tritehemius, Johannes</subfield>
      <subfield code="d">1462-1516</subfield>
    </datafield>
    <datafield tag="400" ind1="1" ind2=" ">
      <subfield code="a">Tritenheimius, Johannes</subfield>
      <subfield code="d">1462-1516</subfield>
    </datafield>
    <datafield tag="400" ind1="1" ind2=" ">
      <subfield code="a">Tritenius, Johannes</subfield>
      <subfield code="d">1462-1516</subfield>
    </datafield>
    <datafield tag="400" ind1="1" ind2=" ">
      <subfield code="a">Tritennius, Johannes</subfield>
      <subfield code="d">1462-1516</subfield>
    </datafield>
    <datafield tag="400" ind1="1" ind2=" ">
      <subfield code="a">Trittenhem, Johannes &#152;von&#156;</subfield>
      <subfield code="d">1462-1516</subfield>
    </datafield>
    <datafield tag="400" ind1="1" ind2=" ">
      <subfield code="a">Trittenheym, Johannes</subfield>
      <subfield code="d">1462-1516</subfield>
    </datafield>
    <datafield tag="400" ind1="1" ind2=" ">
      <subfield code="a">Tryttenheymer, Johannes</subfield>
      <subfield code="d">1462-1516</subfield>
    </datafield>
    <datafield tag="400" ind1="1" ind2=" ">
      <subfield code="a">Trithemius, John</subfield>
      <subfield code="d">1462-1516</subfield>
    </datafield>
    <datafield tag="400" ind1="0" ind2=" ">
      <subfield code="a">Johann</subfield>
      <subfield code="c">von Trittenheim</subfield>
      <subfield code="d">1462-1516</subfield>
    </datafield>
    <datafield tag="400" ind1="1" ind2=" ">
      <subfield code="a">Treittenheim, Johann &#152;von&#156;</subfield>
      <subfield code="d">1462-1516</subfield>
    </datafield>
    <datafield tag="400" ind1="0" ind2=" ">
      <subfield code="a">Johannes</subfield>
      <subfield code="c">à Trittenhem</subfield>
      <subfield code="d">1462-1516</subfield>
    </datafield>
    <datafield tag="400" ind1="1" ind2=" ">
      <subfield code="a">Trittenhemius, Joannes</subfield>
      <subfield code="d">1462-1516</subfield>
    </datafield>
    <datafield tag="400" ind1="1" ind2=" ">
      <subfield code="a">Tritenhemius, Joannes</subfield>
      <subfield code="d">1462-1516</subfield>
    </datafield>
    <datafield tag="400" ind1="0" ind2=" ">
      <subfield code="a">Abb. Gio.</subfield>
      <subfield code="c">Tritemio</subfield>
      <subfield code="d">1462-1516</subfield>
    </datafield>
    <datafield tag="400" ind1="0" ind2=" ">
      <subfield code="a">Johannes</subfield>
      <subfield code="c">de Trittenheim</subfield>
      <subfield code="d">1462-1516</subfield>
    </datafield>
    <datafield tag="400" ind1="1" ind2=" ">
      <subfield code="a">Zeller, Johann</subfield>
      <subfield code="d">1462-1516</subfield>
    </datafield>
    <datafield tag="400" ind1="0" ind2=" ">
      <subfield code="a">Johann</subfield>
      <subfield code="c">Heidenberg</subfield>
      <subfield code="d">1462-1516</subfield>
    </datafield>
    <datafield tag="400" ind1="0" ind2=" ">
      <subfield code="a">Johannes</subfield>
      <subfield code="c">Spanhemensis</subfield>
      <subfield code="d">1462-1516</subfield>
    </datafield>
    <datafield tag="400" ind1="1" ind2=" ">
      <subfield code="a">Tritheim, Johannes</subfield>
      <subfield code="d">1462-1516</subfield>
    </datafield>
    <datafield tag="400" ind1="1" ind2=" ">
      <subfield code="a">Spanheim, Johann</subfield>
      <subfield code="d">1462-1516</subfield>
    </datafield>
    <datafield tag="400" ind1="0" ind2=" ">
      <subfield code="a">Johannes</subfield>
      <subfield code="c">de Sponheim</subfield>
      <subfield code="d">1462-1516</subfield>
    </datafield>
    <datafield tag="400" ind1="1" ind2=" ">
      <subfield code="a">Zeller, Johannes</subfield>
      <subfield code="d">1462-1516</subfield>
    </datafield>
    <datafield tag="400" ind1="1" ind2=" ">
      <subfield code="a">Heidenberg, Johannes &#152;von&#156;</subfield>
      <subfield code="d">1462-1516</subfield>
    </datafield>
    <datafield tag="400" ind1="1" ind2=" ">
      <subfield code="a">Tritheim, Johann</subfield>
      <subfield code="d">1462-1516</subfield>
    </datafield>
    <datafield tag="400" ind1="1" ind2=" ">
      <subfield code="a">Heidenberg, Johannes</subfield>
      <subfield code="d">1462-1516</subfield>
    </datafield>
    <datafield tag="400" ind1="1" ind2=" ">
      <subfield code="a">Tritemius, Joannes</subfield>
      <subfield code="d">1462-1516</subfield>
    </datafield>
    <datafield tag="400" ind1="1" ind2=" ">
      <subfield code="a">Trittenheim, Johannes &#152;von&#156;</subfield>
      <subfield code="d">1462-1516</subfield>
    </datafield>
    <datafield tag="400" ind1="1" ind2=" ">
      <subfield code="a">Trittenhemius, Johannes</subfield>
      <subfield code="d">1462-1516</subfield>
    </datafield>
    <datafield tag="400" ind1="1" ind2=" ">
      <subfield code="a">Trittenheim, Johann</subfield>
      <subfield code="d">1462-1516</subfield>
    </datafield>
    <datafield tag="400" ind1="1" ind2=" ">
      <subfield code="a">Trithème, I.</subfield>
      <subfield code="d">1462-1516</subfield>
    </datafield>
    <datafield tag="400" ind1="1" ind2=" ">
      <subfield code="a">Trithème, Jean</subfield>
      <subfield code="d">1462-1516</subfield>
    </datafield>
    <datafield tag="400" ind1="1" ind2=" ">
      <subfield code="a">Trittenheim, John &#152;of&#156;</subfield>
      <subfield code="d">1462-1516</subfield>
    </datafield>
    <datafield tag="400" ind1="1" ind2=" ">
      <subfield code="a">Tritenheym, Joannes</subfield>
      <subfield code="d">1462-1516</subfield>
    </datafield>
    <datafield tag="400" ind1="1" ind2=" ">
      <subfield code="a">Tritenhem, Johannes</subfield>
      <subfield code="d">1462-1516</subfield>
    </datafield>
    <datafield tag="400" ind1="1" ind2=" ">
      <subfield code="a">Tritemius, Ioannes</subfield>
      <subfield code="d">1462-1516</subfield>
    </datafield>
    <datafield tag="400" ind1="1" ind2=" ">
      <subfield code="a">Johannes, Abbas Spanhamensis</subfield>
      <subfield code="d">1462-1516</subfield>
    </datafield>
    <datafield tag="400" ind1="1" ind2=" ">
      <subfield code="a">Trithemius, Joh.</subfield>
      <subfield code="d">1462-1516</subfield>
    </datafield>
    <datafield tag="500" ind1="1" ind2=" ">
      <subfield code="0">(DE-101)118797069</subfield>
      <subfield code="0">(DE-588)118797069</subfield>
      <subfield code="0">https://d-nb.info/gnd/118797069</subfield>
      <subfield code="a">Sidonius, Gaius Sollius Apollinaris</subfield>
      <subfield code="d">431-487</subfield>
      <subfield code="4">beza</subfield>
      <subfield code="4">https://d-nb.info/standards/elementset/gnd#acquaintanceshipOrFriendship</subfield>
      <subfield code="w">r</subfield>
      <subfield code="i">Bekanntschaft</subfield>
      <subfield code="e">Bekanntschaft</subfield>
      <subfield code="9">v:VD-16 Mitverf.</subfield>
    </datafield>
    <datafield tag="500" ind1="0" ind2=" ">
      <subfield code="0">(DE-101)100951465</subfield>
      <subfield code="0">(DE-588)100951465</subfield>
      <subfield code="0">https://d-nb.info/gnd/100951465</subfield>
      <subfield code="a">Landulfus</subfield>
      <subfield code="c">Sagax</subfield>
      <subfield code="d">ca. 9./10. Jh.</subfield>
      <subfield code="4">beza</subfield>
      <subfield code="4">https://d-nb.info/standards/elementset/gnd#acquaintanceshipOrFriendship</subfield>
      <subfield code="w">r</subfield>
      <subfield code="i">Bekanntschaft</subfield>
      <subfield code="e">Bekanntschaft</subfield>
      <subfield code="9">v:VD-16 Mitverf.</subfield>
    </datafield>
    <datafield tag="500" ind1="0" ind2=" ">
      <subfield code="0">(DE-101)118704265</subfield>
      <subfield code="0">(DE-588)118704265</subfield>
      <subfield code="0">https://d-nb.info/gnd/118704265</subfield>
      <subfield code="a">Hesychius</subfield>
      <subfield code="c">Hierosolymitanus</subfield>
      <subfield code="d">-451</subfield>
      <subfield code="4">beza</subfield>
      <subfield code="4">https://d-nb.info/standards/elementset/gnd#acquaintanceshipOrFriendship</subfield>
      <subfield code="w">r</subfield>
      <subfield code="i">Bekanntschaft</subfield>
      <subfield code="e">Bekanntschaft</subfield>
      <subfield code="9">v:VD-16 Mitverf.</subfield>
    </datafield>
    <datafield tag="500" ind1="0" ind2=" ">
      <subfield code="0">(DE-101)11954332X</subfield>
      <subfield code="0">(DE-588)11954332X</subfield>
      <subfield code="0">https://d-nb.info/gnd/11954332X</subfield>
      <subfield code="a">Nikolaus</subfield>
      <subfield code="c">von Clémanges</subfield>
      <subfield code="d">1363-1437</subfield>
      <subfield code="4">beza</subfield>
      <subfield code="4">https://d-nb.info/standards/elementset/gnd#acquaintanceshipOrFriendship</subfield>
      <subfield code="w">r</subfield>
      <subfield code="i">Bekanntschaft</subfield>
      <subfield code="e">Bekanntschaft</subfield>
      <subfield code="9">v:VD-16 Mitverf.</subfield>
    </datafield>
    <datafield tag="500" ind1="1" ind2=" ">
      <subfield code="0">(DE-101)118799452</subfield>
      <subfield code="0">(DE-588)118799452</subfield>
      <subfield code="0">https://d-nb.info/gnd/118799452</subfield>
      <subfield code="a">Surius, Laurentius</subfield>
      <subfield code="d">1522-1578</subfield>
      <subfield code="4">beza</subfield>
      <subfield code="4">https://d-nb.info/standards/elementset/gnd#acquaintanceshipOrFriendship</subfield>
      <subfield code="w">r</subfield>
      <subfield code="i">Bekanntschaft</subfield>
      <subfield code="e">Bekanntschaft</subfield>
      <subfield code="9">v:VD-16 Mitverf.</subfield>
    </datafield>
    <datafield tag="500" ind1="0" ind2=" ">
      <subfield code="0">(DE-101)101010354</subfield>
      <subfield code="0">(DE-588)101010354</subfield>
      <subfield code="0">https://d-nb.info/gnd/101010354</subfield>
      <subfield code="a">Mutianus</subfield>
      <subfield code="c">Scholasticus</subfield>
      <subfield code="d">ca. 6. Jh.</subfield>
      <subfield code="4">beza</subfield>
      <subfield code="4">https://d-nb.info/standards/elementset/gnd#acquaintanceshipOrFriendship</subfield>
      <subfield code="w">r</subfield>
      <subfield code="i">Bekanntschaft</subfield>
      <subfield code="e">Bekanntschaft</subfield>
      <subfield code="9">v:VD-16 Mitverf.</subfield>
    </datafield>
    <datafield tag="500" ind1="0" ind2=" ">
      <subfield code="0">(DE-101)118531425</subfield>
      <subfield code="0">(DE-588)118531425</subfield>
      <subfield code="0">https://d-nb.info/gnd/118531425</subfield>
      <subfield code="a">Eusebius</subfield>
      <subfield code="c">Caesariensis</subfield>
      <subfield code="d">260-339</subfield>
      <subfield code="4">beza</subfield>
      <subfield code="4">https://d-nb.info/standards/elementset/gnd#acquaintanceshipOrFriendship</subfield>
      <subfield code="w">r</subfield>
      <subfield code="i">Bekanntschaft</subfield>
      <subfield code="e">Bekanntschaft</subfield>
      <subfield code="9">v:VD-16 Mitverf.</subfield>
    </datafield>
    <datafield tag="500" ind1="1" ind2=" ">
      <subfield code="0">(DE-101)124179916</subfield>
      <subfield code="0">(DE-588)124179916</subfield>
      <subfield code="0">https://d-nb.info/gnd/124179916</subfield>
      <subfield code="a">Périon, Joachim</subfield>
      <subfield code="d">1499-1559</subfield>
      <subfield code="4">beza</subfield>
      <subfield code="4">https://d-nb.info/standards/elementset/gnd#acquaintanceshipOrFriendship</subfield>
      <subfield code="w">r</subfield>
      <subfield code="i">Bekanntschaft</subfield>
      <subfield code="e">Bekanntschaft</subfield>
      <subfield code="9">v:VD-16 Mitverf.</subfield>
    </datafield>
    <datafield tag="500" ind1="1" ind2=" ">
      <subfield code="0">(DE-101)118868365</subfield>
      <subfield code="0">(DE-588)118868365</subfield>
      <subfield code="0">https://d-nb.info/gnd/118868365</subfield>
      <subfield code="a">Perottus, Nicolaus</subfield>
      <subfield code="d">1429-1480</subfield>
      <subfield code="4">beza</subfield>
      <subfield code="4">https://d-nb.info/standards/elementset/gnd#acquaintanceshipOrFriendship</subfield>
      <subfield code="w">r</subfield>
      <subfield code="i">Bekanntschaft</subfield>
      <subfield code="e">Bekanntschaft</subfield>
      <subfield code="9">v:VD-16 Mitverf.</subfield>
    </datafield>
    <datafield tag="500" ind1="1" ind2=" ">
      <subfield code="0">(DE-101)119393166</subfield>
      <subfield code="0">(DE-588)119393166</subfield>
      <subfield code="0">https://d-nb.info/gnd/119393166</subfield>
      <subfield code="a">Marius, Augustinus</subfield>
      <subfield code="d">1485-1543</subfield>
      <subfield code="4">beza</subfield>
      <subfield code="4">https://d-nb.info/standards/elementset/gnd#acquaintanceshipOrFriendship</subfield>
      <subfield code="w">r</subfield>
      <subfield code="i">Bekanntschaft</subfield>
      <subfield code="e">Bekanntschaft</subfield>
      <subfield code="9">v:VD-16 Mitverf.</subfield>
    </datafield>
    <datafield tag="510" ind1="2" ind2=" ">
      <subfield code="0">(DE-101)000258806</subfield>
      <subfield code="0">(DE-588)25880-5</subfield>
      <subfield code="0">https://d-nb.info/gnd/25880-5</subfield>
      <subfield code="a">Benediktiner</subfield>
      <subfield code="4">affi</subfield>
      <subfield code="4">https://d-nb.info/standards/elementset/gnd#affiliation</subfield>
      <subfield code="w">r</subfield>
      <subfield code="i">Affiliation</subfield>
      <subfield code="e">Affiliation</subfield>
    </datafield>
    <datafield tag="510" ind1="2" ind2=" ">
      <subfield code="0">(DE-101)97101597X</subfield>
      <subfield code="0">(DE-588)4778875-6</subfield>
      <subfield code="0">https://d-nb.info/gnd/4778875-6</subfield>
      <subfield code="a">Kloster Sponheim</subfield>
      <subfield code="4">affi</subfield>
      <subfield code="4">https://d-nb.info/standards/elementset/gnd#affiliation</subfield>
      <subfield code="w">r</subfield>
      <subfield code="i">Affiliation</subfield>
      <subfield code="e">Affiliation</subfield>
      <subfield code="9">v:Abt</subfield>
      <subfield code="9">Z:1483-</subfield>
    </datafield>
    <datafield tag="510" ind1="2" ind2=" ">
      <subfield code="0">(DE-101)959134573</subfield>
      <subfield code="0">(DE-588)4592447-8</subfield>
      <subfield code="0">https://d-nb.info/gnd/4592447-8</subfield>
      <subfield code="a">Kloster Sankt Jakob</subfield>
      <subfield code="g">Würzburg</subfield>
      <subfield code="4">affi</subfield>
      <subfield code="4">https://d-nb.info/standards/elementset/gnd#affiliation</subfield>
      <subfield code="w">r</subfield>
      <subfield code="i">Affiliation</subfield>
      <subfield code="e">Affiliation</subfield>
      <subfield code="9">v:Abt</subfield>
      <subfield code="9">Z:1506-</subfield>
    </datafield>
    <datafield tag="548" ind1=" " ind2=" ">
      <subfield code="a">1462-1516</subfield>
      <subfield code="4">datl</subfield>
      <subfield code="4">https://d-nb.info/standards/elementset/gnd#dateOfBirthAndDeath</subfield>
      <subfield code="w">r</subfield>
      <subfield code="i">Lebensdaten</subfield>
    </datafield>
    <datafield tag="550" ind1=" " ind2=" ">
      <subfield code="0">(DE-101)04000273X</subfield>
      <subfield code="0">(DE-588)4000273-1</subfield>
      <subfield code="0">https://d-nb.info/gnd/4000273-1</subfield>
      <subfield code="a">Abt</subfield>
      <subfield code="4">berc</subfield>
      <subfield code="4">https://d-nb.info/standards/elementset/gnd#professionOrOccupation</subfield>
      <subfield code="w">r</subfield>
      <subfield code="i">Charakteristischer Beruf</subfield>
    </datafield>
    <datafield tag="550" ind1=" " ind2=" ">
      <subfield code="0">(DE-101)04156443X</subfield>
      <subfield code="0">(DE-588)4156443-1</subfield>
      <subfield code="0">https://d-nb.info/gnd/4156443-1</subfield>
      <subfield code="a">Gelehrter</subfield>
      <subfield code="4">beru</subfield>
      <subfield code="4">https://d-nb.info/standards/elementset/gnd#professionOrOccupation</subfield>
      <subfield code="w">r</subfield>
      <subfield code="i">Beruf</subfield>
    </datafield>
    <datafield tag="551" ind1=" " ind2=" ">
      <subfield code="0">(DE-101)041054989</subfield>
      <subfield code="0">(DE-588)4105498-2</subfield>
      <subfield code="0">https://d-nb.info/gnd/4105498-2</subfield>
      <subfield code="a">Sponheim</subfield>
      <subfield code="4">ortw</subfield>
      <subfield code="4">https://d-nb.info/standards/elementset/gnd#placeOfActivity</subfield>
      <subfield code="w">r</subfield>
      <subfield code="i">Wirkungsort</subfield>
    </datafield>
    <datafield tag="551" ind1=" " ind2=" ">
      <subfield code="0">(DE-101)040670376</subfield>
      <subfield code="0">(DE-588)4067037-5</subfield>
      <subfield code="0">https://d-nb.info/gnd/4067037-5</subfield>
      <subfield code="a">Würzburg</subfield>
      <subfield code="4">ortw</subfield>
      <subfield code="4">https://d-nb.info/standards/elementset/gnd#placeOfActivity</subfield>
      <subfield code="w">r</subfield>
      <subfield code="i">Wirkungsort</subfield>
    </datafield>
    <datafield tag="667" ind1=" " ind2=" ">
      <subfield code="a">12</subfield>
    </datafield>
    <datafield tag="667" ind1=" " ind2=" ">
      <subfield code="a">7</subfield>
    </datafield>
    <datafield tag="667" ind1=" " ind2=" ">
      <subfield code="a">384</subfield>
    </datafield>
    <datafield tag="667" ind1=" " ind2=" ">
      <subfield code="a">VD-17</subfield>
    </datafield>
    <datafield tag="667" ind1=" " ind2=" ">
      <subfield code="a">VD-16</subfield>
    </datafield>
    <datafield tag="670" ind1=" " ind2=" ">
      <subfield code="a">M; Tusculum-Lexikon; LThK</subfield>
    </datafield>
    <datafield tag="670" ind1=" " ind2=" ">
      <subfield code="a">LCAuth</subfield>
    </datafield>
    <datafield tag="672" ind1=" " ind2="0">
      <subfield code="a">Trithemius, Johannes: Compẽdiũ siue Breuiariũ PRIMI VOLVMINIS ANNALIVM SIVE HISTORIARVM, DE ORIGINE REGVM ET ... 1515. (VD16 T 1973)</subfield>
    </datafield>
    <datafield tag="672" ind1=" " ind2="0">
      <subfield code="a">Trithemius, Johannes: Jnstitutio vite sacerdotalis.. 1503. (VD16 ZV 24373)</subfield>
    </datafield>
    <datafield tag="672" ind1=" " ind2="0">
      <subfield code="a">Trithemius, Johannes: TRACTATVS. INSTITVTIONIS VITAE SACERDOTALIS. VENERANDI PATRIS IOAN: TRITHEMII OLIM ... 1570. (VD16 T 1980)</subfield>
    </datafield>
    <datafield tag="672" ind1=" " ind2="0">
      <subfield code="a">Trithemius, Johannes: IOANNIS TRITEMII ABBATIS SPANHEmensis Epistolarum familiarium libri duo ad diuersos ... 1536. (VD16 T 1978)</subfield>
    </datafield>
    <datafield tag="672" ind1=" " ind2="0">
      <subfield code="a">Trithemius, Johannes: IOANNIS TRITEMII Abbatis sancti Iacobi apud Herbipolim: quondam vero Spanhemensis: Liber Octo ... 1515. (VD16 T 1986)</subfield>
    </datafield>
    <datafield tag="672" ind1=" " ind2="0">
      <subfield code="a">Agrippa, Heinrich Cornelius: Elementa magica. 1550. (VD16 ZV 265)</subfield>
    </datafield>
    <datafield tag="672" ind1=" " ind2="0">
      <subfield code="a">Trithemius, Johannes: IOANNIS TRITHEMII ABBATIS PEAPOLITANI, QVONDAM SPANHEYMENSIS AD MAXIMILIANVM I. ... 1600. (VD16 ZV 17498)</subfield>
    </datafield>
    <datafield tag="672" ind1=" " ind2="0">
      <subfield code="a">Agrippa, Heinrich Cornelius: Arbatel de magia veterum. 1578. (VD16 ZV 263)</subfield>
    </datafield>
    <datafield tag="672" ind1=" " ind2="0">
      <subfield code="a">Trithemius, Johannes: Antwort Herrn Johan Abts z°u Spanhaim auff acht fragstuck jme von weylandt Herrn Maximilian ... 1555. (VD16 T 1989)</subfield>
    </datafield>
    <datafield tag="672" ind1=" " ind2="0">
      <subfield code="a">Agrippa, Heinrich Cornelius: Elementa magica. 1600. (VD16 ZV 274)</subfield>
    </datafield>
    <datafield tag="678" ind1=" " ind2=" ">
      <subfield code="b">Benediktiner; ab 1483 Abt in Sponheim, ab 1506 Abt der Schottenabtei St. Jakob in Würzburg</subfield>
    </datafield>
    <datafield tag="913" ind1=" " ind2=" ">
      <subfield code="S">pnd</subfield>
      <subfield code="i">a</subfield>
      <subfield code="a">Trithemius, Johannes</subfield>
      <subfield code="0">(DE-588a)118642960</subfield>
    </datafield>
    <datafield tag="913" ind1=" " ind2=" ">
      <subfield code="S">pnd</subfield>
      <subfield code="i">a</subfield>
      <subfield code="a">Trithemius, Johannes</subfield>
      <subfield code="0">(DE-588a)186602111</subfield>
    </datafield>
  </record>
